[gd_scene load_steps=15 format=2]

[ext_resource path="res://Interface/Fonts/Homemade/NotHeroLight.tres" type="Theme" id=1]
[ext_resource path="res://Systems/ScoreManagerMono/leaderboard.gd" type="Script" id=2]
[ext_resource path="res://Interface/Fonts/Homemade/HomeMade28.tres" type="DynamicFont" id=3]
[ext_resource path="res://Systems/ScoreManagerMono/ScoreManagerMono.cs" type="Script" id=4]
[ext_resource path="res://Systems/ScoreManagerMono/score_saver.gd" type="Script" id=5]
[ext_resource path="res://Systems/ScoreManagerMono/score_manager.gd" type="Script" id=6]
[ext_resource path="res://Systems/ScoreManagerMono/PnlTimeout.tscn" type="PackedScene" id=7]
[ext_resource path="res://Interface/Fonts/Homemade/HomeMade72.tres" type="DynamicFont" id=8]
[ext_resource path="res://Interface/Themes/NotHeroTheme.tres" type="Theme" id=9]
[ext_resource path="res://Systems/ScoreManagerMono/score_init.gd" type="Script" id=10]
[ext_resource path="res://Doodads/StaticObstacles/Art/red donut v0.2.png" type="Texture" id=11]

[sub_resource type="Animation" id=1]
resource_name = "Loading"
length = 1.2
loop = true
tracks/0/type = "value"
tracks/0/path = NodePath("loading_sprite:modulate")
tracks/0/interp = 1
tracks/0/loop_wrap = true
tracks/0/imported = false
tracks/0/enabled = true
tracks/0/keys = {
"times": PoolRealArray( 0.1, 0.6, 1.2 ),
"transitions": PoolRealArray( 1, 1, 1 ),
"update": 0,
"values": [ Color( 1, 1, 1, 1 ), Color( 1, 1, 1, 0.333333 ), Color( 1, 1, 1, 1 ) ]
}
tracks/1/type = "value"
tracks/1/path = NodePath("loading_sprite:region_rect")
tracks/1/interp = 1
tracks/1/loop_wrap = true
tracks/1/imported = false
tracks/1/enabled = true
tracks/1/keys = {
"times": PoolRealArray( 0, 0.6 ),
"transitions": PoolRealArray( 1, 1 ),
"update": 1,
"values": [ Rect2( 5.195, 5.195, 389.6, 389.6 ), Rect2( 405.195, 5.195, 389.6, 389.6 ) ]
}

[sub_resource type="Animation" id=2]
loop = true
tracks/0/type = "value"
tracks/0/path = NodePath("loading_sprite:modulate")
tracks/0/interp = 1
tracks/0/loop_wrap = true
tracks/0/imported = false
tracks/0/enabled = true
tracks/0/keys = {
"times": PoolRealArray( 0.1, 0.5, 1 ),
"transitions": PoolRealArray( 1, 1, 1 ),
"update": 0,
"values": [ Color( 1, 1, 1, 1 ), Color( 1, 1, 1, 0.313726 ), Color( 1, 1, 1, 1 ) ]
}

[sub_resource type="Animation" id=3]
loop = true
tracks/0/type = "value"
tracks/0/path = NodePath("loading_sprite:modulate")
tracks/0/interp = 1
tracks/0/loop_wrap = true
tracks/0/imported = false
tracks/0/enabled = true
tracks/0/keys = {
"times": PoolRealArray( 0.1, 0.5, 1 ),
"transitions": PoolRealArray( 1, 1, 1 ),
"update": 0,
"values": [ Color( 1, 1, 1, 0.952216 ), Color( 1, 1, 1, 0.301961 ), Color( 1, 1, 1, 0.952216 ) ]
}

[node name="ScoreManagerMono" type="Node"]
pause_mode = 2
script = ExtResource( 4 )

[node name="score_manager" type="Node" parent="."]
script = ExtResource( 6 )

[node name="score_init" type="Node" parent="score_manager"]
script = ExtResource( 10 )

[node name="leaderboard" type="Panel" parent="score_manager"]
visible = false
anchor_left = 0.5
anchor_top = 0.5
anchor_right = 0.5
anchor_bottom = 0.5
margin_left = -813.5
margin_top = -517.0
margin_right = 813.5
margin_bottom = 517.0
theme = ExtResource( 1 )
script = ExtResource( 2 )
__meta__ = {
"_edit_use_anchors_": false
}

[node name="lbl_title" type="Label" parent="score_manager/leaderboard"]
anchor_left = 0.5
anchor_right = 0.5
margin_left = -810.0
margin_top = 10.6787
margin_right = 810.0
margin_bottom = 82.6787
custom_fonts/font = ExtResource( 8 )
text = "LEADERBOARD"
align = 1
valign = 1
__meta__ = {
"_edit_use_anchors_": false
}

[node name="pnl_scores" type="Panel" parent="score_manager/leaderboard"]
anchor_left = 0.5
anchor_top = 0.5
anchor_right = 0.5
anchor_bottom = 0.5
margin_left = -764.5
margin_top = -398.5
margin_right = 764.5
margin_bottom = 376.5
theme = ExtResource( 9 )
__meta__ = {
"_edit_use_anchors_": false
}

[node name="btn_close" type="Button" parent="score_manager/leaderboard"]
anchor_left = 0.97
anchor_top = 0.987
anchor_right = 0.97
anchor_bottom = 0.987
margin_left = -648.236
margin_top = -55.7112
margin_right = -3.23633
margin_bottom = -0.711182
custom_fonts/font = ExtResource( 3 )
text = "Close"
__meta__ = {
"_edit_use_anchors_": false
}

[node name="btn_refresh" type="Button" parent="score_manager/leaderboard"]
margin_left = 51.5874
margin_top = 964.847
margin_right = 696.587
margin_bottom = 1019.85
custom_fonts/font = ExtResource( 3 )
text = "Refresh"
__meta__ = {
"_edit_use_anchors_": false
}

[node name="loading_sprite" type="Sprite" parent="score_manager/leaderboard"]
position = Vector2( 793.5, 497 )
texture = ExtResource( 11 )
region_rect = Rect2( 5.195, 5.195, 389.6, 389.6 )

[node name="anim" type="AnimationPlayer" parent="score_manager/leaderboard"]
anims/Loading = SubResource( 1 )

[node name="PnlTimeout" parent="score_manager/leaderboard" instance=ExtResource( 7 )]
visible = false
anchor_left = 0.5
anchor_top = 0.5
anchor_right = 0.5
anchor_bottom = 0.5
margin_left = -523.5
margin_top = -268.5
margin_right = 523.5
margin_bottom = 268.5
theme = null

[node name="OptionLevelSelect" type="OptionButton" parent="score_manager/leaderboard"]
anchor_left = 0.5
anchor_top = 0.5
anchor_right = 0.5
anchor_bottom = 0.5
margin_left = -759.0
margin_top = 384.0
margin_right = 759.0
margin_bottom = 439.0
custom_fonts/font = ExtResource( 3 )
text = "Level 1: Tutorial"
align = 1
items = [ "Level 1: Tutorial", null, false, 0, null, "Level 2: High Alert in Candyland", null, false, 1, null, "Level 3: Oh No! The Gingerbread Queen Is Coming!", null, false, 2, null, "Level 4: Crumbs! The Gingerbread Queen is 60 seconds away!", null, false, 3, null ]
selected = 0
__meta__ = {
"_edit_use_anchors_": false
}

[node name="Control" type="Control" parent="score_manager/leaderboard"]
anchor_left = 0.5
anchor_top = 0.5
anchor_right = 0.5
anchor_bottom = 0.5
margin_left = -20.0
margin_top = -20.0
margin_right = 20.0
margin_bottom = 20.0
__meta__ = {
"_edit_use_anchors_": false
}

[node name="score_saver" type="Panel" parent="score_manager"]
visible = false
anchor_left = 0.5
anchor_top = 0.5
anchor_right = 0.5
anchor_bottom = 0.5
margin_left = -519.0
margin_top = -236.0
margin_right = 519.0
margin_bottom = 236.0
theme = ExtResource( 1 )
script = ExtResource( 5 )
__meta__ = {
"_edit_use_anchors_": false
}

[node name="cnt_highscore" type="Control" parent="score_manager/score_saver"]
margin_right = 40.0
margin_bottom = 40.0
__meta__ = {
"_edit_use_anchors_": false
}

[node name="lbl_title" type="Label" parent="score_manager/score_saver/cnt_highscore"]
margin_left = 2.0
margin_top = 1.0
margin_right = 1036.0
margin_bottom = 82.0
text = "Congratulations, you have achieved a high score of "
align = 1
valign = 1
autowrap = true
__meta__ = {
"_edit_use_anchors_": false
}

[node name="lbl_name" type="Label" parent="score_manager/score_saver/cnt_highscore"]
margin_left = -22.6219
margin_top = 111.945
margin_right = 310.378
margin_bottom = 140.945
text = "Name:"
align = 2
valign = 1
__meta__ = {
"_edit_use_anchors_": false
}

[node name="lbl_status" type="Label" parent="score_manager/score_saver/cnt_highscore"]
margin_left = 38.0
margin_top = 330.0
margin_right = 996.0
margin_bottom = 359.0
text = "Status"
align = 1
valign = 1
__meta__ = {
"_edit_use_anchors_": false
}

[node name="led_name" type="LineEdit" parent="score_manager/score_saver/cnt_highscore"]
margin_left = 313.363
margin_top = 109.945
margin_right = 788.363
margin_bottom = 149.945
text = "PLAYER NAME"
align = 1
max_length = 20
__meta__ = {
"_edit_use_anchors_": false
}

[node name="lbl_name2" type="Label" parent="score_manager/score_saver/cnt_highscore"]
margin_left = -26.6371
margin_top = 149.945
margin_right = 306.363
margin_bottom = 178.945
text = "Player 2 Name:"
align = 2
valign = 1
__meta__ = {
"_edit_use_anchors_": false
}

[node name="led_name2" type="LineEdit" parent="score_manager/score_saver/cnt_highscore"]
margin_left = 313.363
margin_top = 149.945
margin_right = 788.363
margin_bottom = 189.945
text = "PLAYER NAME"
align = 1
max_length = 20
__meta__ = {
"_edit_use_anchors_": false
}

[node name="btn_submit" type="Button" parent="score_manager/score_saver/cnt_highscore"]
margin_left = 423.396
margin_top = 381.178
margin_right = 617.396
margin_bottom = 449.178
text = "SUBMIT"
__meta__ = {
"_edit_use_anchors_": false
}

[node name="loading_sprite" type="Sprite" parent="score_manager/score_saver/cnt_highscore"]
position = Vector2( 514.878, 263.436 )
scale = Vector2( 0.4, 0.4 )
texture = ExtResource( 11 )
region_rect = Rect2( 74.1087, 64.5322, 134.413, 166.825 )

[node name="anim" type="AnimationPlayer" parent="score_manager/score_saver/cnt_highscore"]
anims/Loading = SubResource( 2 )

[node name="cnt_checking" type="Control" parent="score_manager/score_saver"]
visible = false
margin_right = 40.0
margin_bottom = 40.0
__meta__ = {
"_edit_use_anchors_": false
}

[node name="loading_sprite" type="Sprite" parent="score_manager/score_saver/cnt_checking"]
modulate = Color( 1, 1, 1, 0.952216 )
position = Vector2( 503.998, 219.745 )
scale = Vector2( 0.75, 0.75 )
texture = ExtResource( 11 )
region_rect = Rect2( 76.0567, 58.6881, 130.517, 177.27 )

[node name="anim" type="AnimationPlayer" parent="score_manager/score_saver/cnt_checking"]
anims/Loading = SubResource( 3 )

[node name="lbl_title" type="Label" parent="score_manager/score_saver/cnt_checking"]
margin_left = 14.0
margin_top = 56.4364
margin_right = 1011.0
margin_bottom = 111.436
text = "Checking leaderboard..."
align = 1
valign = 1
__meta__ = {
"_edit_use_anchors_": false
}

[node name="PnlTimeout" parent="score_manager/score_saver" instance=ExtResource( 7 )]
visible = false
margin_left = 129.164
margin_top = 104.0
margin_right = -174.836
margin_bottom = -100.0
theme = null

[connection signal="pressed" from="score_manager/leaderboard/btn_close" to="score_manager/leaderboard" method="_on_btn_close_pressed"]
[connection signal="pressed" from="score_manager/leaderboard/btn_refresh" to="score_manager/leaderboard" method="_on_btn_refresh_pressed"]
[connection signal="item_selected" from="score_manager/leaderboard/OptionLevelSelect" to="." method="OnOptionLevelSelectLevelSelected"]
[connection signal="pressed" from="score_manager/score_saver/cnt_highscore/btn_submit" to="score_manager/score_saver" method="_on_BtnSubmit_pressed"]
