[gd_scene load_steps=15 format=2]

[ext_resource path="res://Stages/MainMenu/StageMainMenu.cs" type="Script" id=1]
[ext_resource path="res://Interface/Buttons/BtnBase/BtnBase.tscn" type="PackedScene" id=2]
[ext_resource path="res://Stages/MainMenu/BG.png" type="Texture" id=3]
[ext_resource path="res://Interface/Fonts/Mospace.otf" type="DynamicFontData" id=4]
[ext_resource path="res://Interface/Themes/NotHeroTheme.tres" type="Theme" id=5]
[ext_resource path="res://Interface/Fonts/Homemade/HomeMade48.tres" type="DynamicFont" id=6]
[ext_resource path="res://Systems/SettingsManager/PnlSettings.tscn" type="PackedScene" id=7]
[ext_resource path="res://Interface/Fonts/Homemade/HomeMade28.tres" type="DynamicFont" id=8]
[ext_resource path="res://Interface/Fonts/Homemade/HomeMade84.tres" type="DynamicFont" id=9]
[ext_resource path="res://Interface/PictureStory/PictureStory.tscn" type="PackedScene" id=10]
[ext_resource path="res://Stages/MainMenu/GWJ_Theme.png" type="Texture" id=11]
[ext_resource path="res://Interface/Fonts/SayDo/SayDo48.tres" type="DynamicFont" id=12]
[ext_resource path="res://Interface/Fonts/SayDo/SayDo64.tres" type="DynamicFont" id=13]

[sub_resource type="DynamicFont" id=1]
size = 128
outline_size = 2
extra_spacing_char = 10
font_data = ExtResource( 4 )

[node name="StageMainMenu" type="Node"]
script = ExtResource( 1 )

[node name="BtnTexBackground" type="TextureButton" parent="."]
self_modulate = Color( 0.113725, 0.0470588, 0.192157, 1 )
margin_right = 7679.0
margin_bottom = 4320.0
rect_scale = Vector2( 0.25, 0.25 )
texture_normal = ExtResource( 3 )
expand = true
__meta__ = {
"_edit_use_anchors_": false
}

[node name="LblMainMenu" type="Label" parent="."]
margin_top = 1.0
margin_right = 1922.0
margin_bottom = 246.0
custom_fonts/font = SubResource( 1 )
text = "GMTK 2021"
align = 1
valign = 1
autowrap = true
__meta__ = {
"_edit_use_anchors_": false
}

[node name="BtnPlay1" parent="." instance=ExtResource( 2 )]
margin_left = 70.0
margin_top = 852.0
margin_right = 422.0
margin_bottom = 1005.0
custom_fonts/font = ExtResource( 9 )
text = "PLAY"

[node name="HBoxContainer" type="HBoxContainer" parent="."]
margin_left = 433.0
margin_top = 873.0
margin_right = 1856.0
margin_bottom = 998.0
theme = ExtResource( 5 )
custom_constants/separation = 12
__meta__ = {
"_edit_use_anchors_": false
}

[node name="BtnSettings" parent="HBoxContainer" instance=ExtResource( 2 )]
margin_left = 0.0
margin_top = 0.0
margin_right = 466.0
margin_bottom = 125.0
size_flags_horizontal = 3
custom_fonts/font = ExtResource( 6 )
text = "Settings"

[node name="BtnAbout" parent="HBoxContainer" instance=ExtResource( 2 )]
margin_left = 478.0
margin_top = 0.0
margin_right = 944.0
margin_bottom = 125.0
size_flags_horizontal = 3
custom_fonts/font = ExtResource( 6 )
text = "About"

[node name="BtnQuit1" parent="HBoxContainer" instance=ExtResource( 2 )]
margin_left = 956.0
margin_top = 0.0
margin_right = 1423.0
margin_bottom = 125.0
size_flags_horizontal = 3
custom_fonts/font = ExtResource( 6 )
text = "Quit"

[node name="BtnToggleMute" parent="HBoxContainer" instance=ExtResource( 2 )]
visible = false
margin_left = 499.0
margin_top = 0.0
margin_right = 654.0
margin_bottom = 55.0
size_flags_horizontal = 3
custom_fonts/font = ExtResource( 6 )
text = "Mute"

[node name="PopAbout" type="Panel" parent="."]
visible = false
anchor_left = 0.5
anchor_top = 0.5
anchor_right = 0.5
anchor_bottom = 0.5
margin_left = -631.0
margin_top = -370.0
margin_right = 631.0
margin_bottom = 284.0
theme = ExtResource( 5 )
__meta__ = {
"_edit_use_anchors_": false
}

[node name="LblAbout" type="Label" parent="PopAbout"]
anchor_left = 0.5
anchor_top = 0.5
anchor_right = 0.5
anchor_bottom = 0.5
margin_left = -624.0
margin_top = -310.5
margin_right = 624.0
margin_bottom = -129.5
custom_fonts/font = ExtResource( 12 )
custom_constants/line_spacing = 10
text = "Made for Godot Wild Jam 33 using Godot, Krita, GIMP, BeepBox, Audacity, jfxr, InkScape, FontForge.
Uses the SilentWolf Leaderboard from www.silentwolf.com"
align = 1
autowrap = true
__meta__ = {
"_edit_use_anchors_": false
}

[node name="LblAbout2" type="Label" parent="PopAbout"]
anchor_left = 0.5
anchor_top = 0.5
anchor_right = 0.5
anchor_bottom = 0.5
margin_left = -519.0
margin_top = -143.5
margin_right = 519.0
margin_bottom = 39.5
custom_fonts/font = ExtResource( 12 )
custom_constants/line_spacing = 10
text = "On discord we are:
SarahSsss7#9089,
Sophiablabla#7563
hnuqweasd#3731."
align = 1
autowrap = true
__meta__ = {
"_edit_use_anchors_": false
}

[node name="GameLinkButton" type="LinkButton" parent="PopAbout"]
anchor_left = 0.5
anchor_top = 0.5
anchor_right = 0.5
anchor_bottom = 0.5
margin_left = -180.0
margin_top = 87.5986
margin_right = 180.0
margin_bottom = 147.599
custom_fonts/font = ExtResource( 13 )
text = "PLAY OUR GAMES!"
__meta__ = {
"_edit_use_anchors_": false
}

[node name="BtnBack1" parent="PopAbout" instance=ExtResource( 2 )]
anchor_left = 1.0
anchor_right = 1.0
margin_left = -43.0
margin_top = 0.0
margin_right = 0.0
margin_bottom = 39.0
theme = null
custom_fonts/font = ExtResource( 8 )
text = "X"

[node name="TextureRect" type="TextureRect" parent="PopAbout"]
anchor_left = 0.5
anchor_top = 1.0
anchor_right = 0.5
anchor_bottom = 1.0
margin_left = -200.0
margin_top = -153.199
margin_right = 200.0
margin_bottom = -39.1995
texture = ExtResource( 11 )

[node name="PnlSettings" parent="." instance=ExtResource( 7 )]
visible = false

[node name="PictureStory" parent="." instance=ExtResource( 10 )]
visible = false

[connection signal="pressed" from="BtnTexBackground" to="." method="OnBtnTexBackgroundPressed"]
[connection signal="pressed" from="BtnPlay1" to="." method="OnBtnPlayPressed"]
[connection signal="pressed" from="HBoxContainer/BtnSettings" to="." method="OnBtnScoresPressed"]
[connection signal="pressed" from="HBoxContainer/BtnAbout" to="." method="OnBtnAboutPressed"]
[connection signal="pressed" from="HBoxContainer/BtnQuit1" to="." method="_on_BtnQuit_pressed"]
[connection signal="pressed" from="HBoxContainer/BtnToggleMute" to="." method="ToggleMute"]
[connection signal="pressed" from="PopAbout/GameLinkButton" to="." method="OnGameLinkButtonPressed"]
[connection signal="pressed" from="PopAbout/BtnBack1" to="." method="OnBtnBackPressed"]

[editable path="PictureStory"]
